
%
%  $Description: Sample bibliography$ 
% 
%  $Author: ienne $ 
%  $Date: 1995/09/15 15:19:53 $
%  $Revision: 1.3 $
%

@Article{games_solved,
   author =   "H. Jaap van den Herik and Jos W. H. M. Uiterwijk and Jack van Rijswijck",
   title =   "Games solved: Now and in the future", 
   journal =   "Artificial Intelligence",
   number = "134",
   year =   "2002",
   pages =   "277-311",
}


@Book{course_book,
   author =   "Stuart Russell and Peter Norvig", 
   title =   "Artificial Intelligence: A Modern Approach",
   edition = "second",
   publisher =   "Pearson Education, Inc",
   address = "Upper Saddle River, New Jersey",
   year =   "2003"
}

